@article{reed1993pruning,
  title={Pruning algorithms-a survey},
  author={Reed, Russell},
  journal={Neural Networks, IEEE Transactions on},
  volume={4},
  number={5},
  pages={740--747},
  year={1993},
  publisher={IEEE}
}
@book{hassibi1993second,
  title={Second order derivatives for network pruning: Optimal brain surgeon},
  author={Hassibi, Babak and Stork, David G},
  year={1993},
  publisher={Morgan Kaufmann}
}
@inproceedings{mozer1989skeletonization,
  title={Skeletonization: A technique for trimming the fat from a network via relevance assessment},
  author={Mozer, Michael C and Smolensky, Paul},
  booktitle={Advances in neural information processing systems},
  pages={107--115},
  year={1989}
}
@inproceedings{lecun1989optimal,
  title={Optimal brain damage.},
  author={LeCun, Yann and Denker, John S and Solla, Sara A and Howard, Richard E and Jackel, Lawrence D},
  booktitle={NIPs},
  volume={89},
  year={1989}
}
@incollection{Bengio+chapter2007,
author = {Bengio, Yoshua and LeCun, Yann},
booktitle = {Large Scale Kernel Machines},
publisher = {MIT Press},
title = {Scaling Learning Algorithms Towards {AI}},
year = {2007}
}
@inproceedings{becker1988improving,
  title={Improving the convergence of back-propagation learning with second order methods},
  author={Becker, Sue and Le Cun, Yann},
  booktitle={Proceedings of the 1988 connectionist models summer school},
  pages={29--37},
  year={1988},
  organization={San Matteo, CA: Morgan Kaufmann}
}
@inproceedings{segee1991fault,
  title={Fault tolerance of pruned multilayer networks},
  author={Segee, Bruce E and Carter, Michael J},
  booktitle={Neural Networks, 1991., IJCNN-91-Seattle International Joint Conference on},
  volume={2},
  pages={447--452},
  year={1991},
  organization={IEEE}
}
@article{srivastava2014dropout,
  title={Dropout: A simple way to prevent neural networks from overfitting},
  author={Srivastava, Nitish and Hinton, Geoffrey and Krizhevsky, Alex and Sutskever, Ilya and Salakhutdinov, Ruslan},
  journal={The Journal of Machine Learning Research},
  volume={15},
  number={1},
  pages={1929--1958},
  year={2014},
  publisher={JMLR. org}
}
@article{Hinton06,
author = {Hinton, Geoffrey E. and Osindero, Simon and Teh, Yee Whye},
journal = {Neural Computation},
pages = {1527--1554},
title = {A Fast Learning Algorithm for Deep Belief Nets},
volume = {18},
year = {2006}
}
